@unknown{unknown,
author = {Popovic, Marko and Herr, Hugh},
year = {2006},
month = {12},
pages = {},
title = {Ground Reference Points in Legged Locomotion: Definitions, Biological Trajectories and Control Implications},
isbn = {978-3-86611-314-5}
}