@article{article,
author = {Winter, DA and Prince, Fran√ßois and Frank, James and Powell, C and Zabjek, Karl},
year = {1996},
month = {07},
pages = {2334-43},
title = {Unified theory regarding A/P and M/L balance in quiet stance},
volume = {75},
booktitle = {Journal of neurophysiology}
}